<?xml version="1.0" encoding="UTF-8"?>
<record xmlns="http://www.loc.gov/MARC21/slim">
   <leader>00789cam a22002175  4500</leader>
   <controlfield tag="001">1685294</controlfield>
   <controlfield tag="003">NjP</controlfield>
   <controlfield tag="005">20170301175135.0</controlfield>
   <controlfield tag="008">991119s1938    le            000 0 ara d</controlfield>
   <datafield tag="024" ind1="7" ind2=" ">
      <subfield code="a">princeton_aco003906</subfield>
      <subfield code="2">local</subfield>
   </datafield>
   <datafield ind1=" " ind2=" " tag="035">
      <subfield code="a">(OCoLC)ocm42862181</subfield>
   </datafield>
   <datafield ind1=" " ind2=" " tag="035">
      <subfield code="9">CFK8434TS</subfield>
   </datafield>
   <datafield ind1=" " ind2=" " tag="040">
      <subfield code="a">PUL</subfield>
      <subfield code="c">PUL</subfield>
   </datafield>
   <datafield ind1="1" ind2=" " tag="100">
      <subfield code="a">Shahbandar, ʻAbd al-Ghanī.</subfield>
   </datafield>
   <datafield ind1="0" ind2="0" tag="245">
      <subfield code="a">Riḥlat al-Ḥijāz;</subfield>
      <subfield code="b">tashtamilu ʻalā waṣf ʻāmm lil-Ḥijāz wa-ʻalā al-manāzil wa-al-manāsik ...</subfield>
   </datafield>
   <datafield ind1=" " ind2=" " tag="260">
      <subfield code="a">Beirut</subfield>
      <subfield code="c">[1938?]</subfield>
   </datafield>
   <datafield ind1=" " ind2=" " tag="300">
      <subfield code="a">100 p.</subfield>
      <subfield code="c">23 cm.</subfield>
   </datafield>
   <datafield ind1=" " ind2=" " tag="546">
      <subfield code="a">In Arabic.</subfield>
   </datafield>
   <datafield ind1=" " ind2="0" tag="651">
      <subfield code="a">Hejaz (Saudi Arabia)</subfield>
      <subfield code="x">Description and travel.</subfield>
   </datafield>
   <datafield ind1=" " ind2="0" tag="650">
      <subfield code="a">Pilgrims and pilgrimages</subfield>
      <subfield code="z">Saudi Arabia</subfield>
      <subfield code="z">Mecca.</subfield>
      <subfield code="0">http://id.loc.gov/authorities/subjects/sh2010106410</subfield>
   </datafield>
   <datafield ind1=" " ind2=" " tag="947">
      <subfield code="a">CFK8434</subfield>
   </datafield>
   <datafield ind1=" " ind2=" " tag="911">
      <subfield code="a">20000130</subfield>
   </datafield>
   <datafield ind1="0" ind2="0" tag="852">
      <subfield code="0">1941953</subfield>
      <subfield code="b">rcppa</subfield>
      <subfield code="t">0</subfield>
      <subfield code="h">BP181</subfield>
      <subfield code="i">.S534 1938</subfield>
      <subfield code="x">tr fr nec</subfield>
   </datafield>
   <datafield ind1=" " ind2=" " tag="959">
      <subfield code="a">2000-06-13 00:00:00 -0400</subfield>
   </datafield>
</record>
